% Encoding: UTF-8

@Article{Collective-dynamics,
  author =  {Watts, Duncan J. and Strogatz, Steven H.},
  title =   {Collective dynamics of `small-world' networks},
  journal = {Nature},
  year =    {1998},
  volume =  {393},
  pages =   {440--442},
  month =   jun,
  note =    {Viitattu 23.4.2016. Lehti ilmestyy myös painettuna},
  doi =     {10.1038/30918},
  issn =    {0028-0836},
  issue =   {6684}
}

@Article{Epidemic-Spreading,
  author =    {Pastor-Satorras, Romualdo and Vespignani, Alessandro},
  title =     {Epidemic Spreading in Scale-Free Networks},
  journal =   {Phys. Rev. Lett.},
  year =      {2001},
  volume =    {86},
  pages =     {3200--3203},
  month =     apr,
  note =      {Viitattu 23.4.2016. Lehti ilmestyy myös painettuna},
  doi =       {10.1103/PhysRevLett.86.3200},
  issue =     {14},
  numpages =  {0},
  publisher = {American Physical Society}
}

@Article{Fractal-dimension,
  author =  {VANRAAN, A. F. J.},
  title =   {Fractal dimension of co-citations},
  journal = {Nature},
  year =    {1990},
  volume =  {347},
  pages =   {626--626},
  month =   oct,
  note =    {Viitattu 23.4.2016. Lehti ilmestyy myös painettuna},
  doi =     {10.1038/347626a0},
  issue =   {6294}
}

@Book{Guare_runo,
  title =     {Six degrees of separation},
  publisher = {New York, Vintage Books},
  year =      {1990},
  author =    {Guare, John},
  annote =    {Keywords: Drama.},
  bibdate =   {20160324122859},
  isbn =      {0679734813}
}

@Article{Immunization-of-complex-networks,
  author =    {Pastor-Satorras, Romualdo and Vespignani, Alessandro},
  title =     {Immunization of complex networks},
  journal =   {Phys. Rev. E},
  year =      {2002},
  volume =    {65},
  pages =     {036104},
  month =     Feb,
  note =      {Viitattu 23.4.2016. Lehti ilmestyy myös painettuna},
  doi =       {10.1103/PhysRevE.65.036104},
  issue =     {3},
  numpages =  {8},
  publisher = {American Physical Society}
}

@Book{Kansojen-Varallisuus,
  title =     {Kansojen varallisuus: tutkimus sen luonteesta ja syistä},
  publisher = {Helsinki, WSOY},
  year =      {2015},
  author =    {Adam Smith},
  note =      {Kääntäjä: Jaakko Kankaanpää.},
  isbn =      {978-951-0-40426-3}
}

@Book{Linkit,
  title =     {Linkit. Verkostojen uusi teoria.},
  publisher = {Helsinki, Terra Cognita},
  year =      {2002},
  author =    {Albert-László Barabási},
  note =      {Suomentaja: Kimmo Pietiläinen},
  isbn =      {952-5202-66-6}
}

@Book{Nexus,
  title =     {Nexus: Small Worlds and the Groundbreaking Science of Networks},
  publisher = {New York, W. W. Norton \& Company},
  year =      {2002},
  author =    {Mark Buchanan},
  isbn =      {0-393-04153-0}
}

@Article{p53-network,
  author =        {Vogelstein, Bert and Lane, David and Levine, Arnold J.},
  title =         {Surfing the p53 network},
  journal =       {Nature},
  year =          {2000},
  volume =        {408},
  pages =         {307--310},
  month =         nov,
  note =          {Viitattu 23.4.2016. Lehti ilmestyy myös painettuna},
  __markedentry = {[ossig:]},
  doi =           {10.1038/35042675},
  issn =          {0028-0836},
  issue =         {6810},
  publisher =     {Macmillan Magazines Ltd.}
}

@Article{Rypas-rypaan,
  author =  {Esko Koivusalo},
  title =   {Tulivatko aamulehdet yhtenä ryppäänä?},
  journal = {Kielikello},
  year =    {1990},
  note =    {Viitattu 23.4.2016. Lehti ilmestyy myös painettuna},
  issn =    {0355-2675},
  issue =   {2},
  url =     {http://www.kielikello.fi/index.php?mid=2&pid=11&aid=797}
}

@Article{Scale-free-topology,
  author =    {Ebel, Holger and Mielsch, Lutz-Ingo and Bornholdt, Stefan},
  title =     {Scale-free topology of e-mail networks},
  journal =   {Phys. Rev. E},
  year =      {2002},
  volume =    {66},
  pages =     {035103},
  month =     sep,
  note =      {Viitattu 23.4.2016. Lehti ilmestyy myös painettuna},
  doi =       {10.1103/PhysRevE.66.035103},
  issue =     {3},
  numpages =  {4},
  publisher = {American Physical Society}
}

@Article{Self-similar-community,
  author =    {Guimer\`a, R. and Danon, L. and D\'{\i}az-Guilera, A. and Giralt, F. and Arenas, A.},
  title =     {Self-similar community structure in a network of human interactions},
  journal =   {Phys. Rev. E},
  year =      {2003},
  volume =    {68},
  pages =     {065103},
  month =     dec,
  note =      {Viitattu 23.4.2016. Lehti ilmestyy myös painettuna},
  doi =       {10.1103/PhysRevE.68.065103},
  issue =     {6},
  numpages =  {4},
  publisher = {American Physical Society}
}

@Misc{Sillat_1,
  author = {Bogdan Giuşcă},
  note =   {Lisenssillä CC BY-SA 3.0},
  url =    {https://commons.wikimedia.org/wiki/File:Konigsberg_bridges.png}
}

@Misc{Sillat_3,
  author = {Riojajar},
  note =   {Lisenssillä CC BY-SA 3.0},
  url =    {https://commons.wikimedia.org/wiki/File:K%C3%B6nigsberg_graph.svg}
}

@Book{Six-Degrees,
  title =     {Six degrees: the science of a connected age},
  publisher = {New York, W. W. Norton \& Company},
  year =      {2004},
  author =    {Duncan J. Watts},
  isbn =      {0-393-04142-5}
}

@Article{Social-network-analysis,
  author =   {Otte, Evelien and Rousseau, Ronald},
  title =    {Social network analysis: a powerful strategy, also for the information sciences},
  journal =  {Journal of Information Science},
  year =     {2002},
  volume =   {28},
  pages =    {441-453},
  note =     {Viitattu 23.4.2016. Lehti ilmestyy myös painettuna},
  abstract = {                 
               Social network analysis (SNA) is not a formal theory in sociology but rather a                     strategy for investigating social structures. As it is an idea that can be                     applied in many fields, we study, in particular, its influence in the                     information sciences. Information scientists study publication, citation and                     co-citation networks, collaboration structures and other forms of social                     interaction networks. Moreover, the Internet represents a social network of an                     unprecedented scale. In all these studies social network analysis can                     successfully be applied. SNA is further related to recent theories concerning                     the free market economy, geography and transport networks. The growth of SNA is                     documented and a co-author network of SNA is drawn. Centrality measures of the                     SNA network are calculated.             
            },
  doi =      {10.1177/016555150202800601},
  issue =    {6}
}

@Book{Sosiaalifysiikka,
  title =     {Sosiaalifysiikka},
  publisher = {Helsinki, Terra Cognita},
  year =      {2014},
  author =    {Alex Pentland},
  note =      {Suomentaja: Kimmo Pietiläinen},
  isbn =      {978-952-5697-68-1}
}

@Article{The-Architecture,
  author =   {A. l. Barabasi},
  title =    {The Architecture of Complexity},
  journal =  {IEEE Control Systems},
  year =     {2007},
  volume =   {27},
  pages =    {33-42},
  month =    aug,
  note =     {Viitattu 23.4.2016. Lehti ilmestyy myös painettuna},
  abstract = {The purpose of this article is to illustrate, through the example of human dynamics, that a thorough understanding of complex systems requires an understanding of network dynamics as well as network topology and architecture. After an overview of the topology of complex networks, such as the Internet and the WWW, data-driven models for human dynamics are given. These models motivate the study of network dynamics and suggest that complexity theory must incorporate the interactions between dynamics and structure. The article also advances the notion that an understanding of network dynamics is facilitated by the availability of large data sets and analysis tools gained from the study of network structure.},
  doi =      {10.1109/MCS.2007.384127},
  issn =     {1066-033X},
  issue =    {4},
  keywords = {Internet;complex networks;large-scale systems;telecommunication network topology;Internet;WWW;complex systems;complexity architecture;data sets availability;data-driven models;human dynamics;network architecture;network structure;network topology;Atomic measurements;Chaotic communication;Complex networks;Gases;Humans;IP networks;Magnetic materials;Magnets;Network topology;World Wide Web}
}

@Article{The-rise-and-fall,
  author =   {Marsili, Matteo and Vega-Redondo, Fernando and Slanina, František},
  title =    {The rise and fall of a networked society: A formal model},
  journal =  {Proceedings of the National Academy of Sciences of the United States of America},
  year =     {2004},
  volume =   {101},
  pages =    {1439-1442},
  month =    feb,
  note =     {Viitattu 23.4.2016. Lehti ilmestyy myös painettuna},
  abstract = {In a well networked community, there is intense social interaction, and information disseminates briskly and broadly. This is important if the environment is volatile (i.e., keeps changing) and individuals never stop searching for fresh opportunities. Here, we present a simple model that attributes the rise of a dynamic society to the emergence of some key features in its social network. We also explain the apparently paradoxical observation that although such features do not necessarily materialize even under favorable conditions they display a significant resilience to deteriorating conditions. We interpret these findings as a discontinuous phase transition in the network formation process.},
  doi =      {10.1073/pnas.0305684101},
  issue =    {6}
}

@Article{The-web-of-human-sexual-contacts,
  author =  {Liljeros, Fredrik and Edling, Christofer R. and Amaral, Luis A. Nunes and Stanley, H. Eugene and Aberg, Yvonne},
  title =   {The web of human sexual contacts},
  journal = {Nature},
  year =    {2001},
  volume =  {411},
  pages =   {907--908},
  month =   jun,
  note =    {Viitattu 23.4.2016. Lehti ilmestyy myös painettuna},
  doi =     {10.1038/35082140},
  issn =    {0028-0836},
  issue =   {6840}
}

@Article{Three-and-half,
  author = {Sergey Edunov and Carlos Greg Diuk and Ismail Onur Filiz and Smriti Bhagat and Moira Burke},
  title =  {Three and a half degrees of separation},
  year =   {2016},
  month =  feb,
  note =   {Viitattu 23.4.2016.},
  owner =  {Facebook},
  url =    {https://research.facebook.com/blog/three-and-a-half-degrees-of-separation/}
}

@Article{Universal-resilience,
  author =    {Gao, Jianxi and Barzel, Baruch and Barabási, Albert-László},
  title =     {Universal resilience patterns in complex networks},
  journal =   {Nature},
  year =      {2016},
  volume =    {530},
  pages =     {307--312},
  month =     feb,
  note =      {Viitattu 23.4.2016. Lehti ilmestyy myös painettuna},
  doi =       {10.1038/nature16948},
  issn =      {0028-0836},
  issue =     {7590},
  publisher = {Nature Publishing Group, a division of Macmillan Publishers Limited. All Rights Reserved.}
}
